@article{utastar,
    author = {Y. Siskos and D. Yannacopoulos},
    title = {UTASTAR: An ordinal regression method for building additive value functions},
    journaltitle = {Investigação Operacional},
    year = {1985},
    volume = {5},
    number = {1},
    pages = {39–53},
}

@article{minora,
    author = {Y. Siskos, A. Spiridakos and D. Yannacopoulos},
    title = {MINORA: a multicriteria decision aiding system for discrete alternatives},
    journaltitle = {Journal of Information Science and Technology},
    year = {1993},
    editor = {Y. Siskos and C. Zopounidis},
    volume = {2},
    number = {2},
    pages = {136-149},
}

@online{utastar-lecture,
    title = {4.4 Διάλεξη - Πολυκριτήρια Ανάλυση - Μέθοδος UTASTAR},
    date = {2021-04-01},
    url = {https://www.eclass.tuc.gr/modules/document/file.php/MPD100/%CE%94%CE%B9%CE%B1%CE%BB%CE%AD%CE%BE%CE%B5%CE%B9%CF%82%20%CE%9C%CE%B1%CE%B8%CE%AE%CE%BC%CE%B1%CF%84%CE%BF%CF%82/4.4%20%CE%94%CE%B9%CE%AC%CE%BB%CE%B5%CE%BE%CE%B7%20-%20%CE%A0%CE%BF%CE%BB%CF%85%CE%BA%CF%81%CE%B9%CF%84%CE%AE%CF%81%CE%B9%CE%B1%20%CE%91%CE%BD%CE%AC%CE%BB%CF%85%CF%83%CE%B7%20-%20%CE%9C%CE%AD%CE%B8%CE%BF%CE%B4%CE%BF%CF%82%20UTASTAR.pdf},
    urldate = {2021-09-09},
}

@inbook{utastar-book,
    author = {Σίσκος Γιάννης},
    title = {ΑΝΑΛΥΤΙΚΑ ΜΟΝΤΕΛΑ ΑΠΟΦΑΣΕΩΝ},
    booktitle = {ΜΟΝΤΕΛΑ ΑΠΟΦΑΣΕΩΝ, Μεθοδολογία Επιχειρησιακής Έρευνας, Θεωρία Πολυκριτήριας Ανάλυσης, Εφαρμογές σε Επιχειρήσεις και Οργανισμούς},
    date = {2008},
    publisher = {Εκδόσεις Νέων Τεχνολογιών},
    location = {Αθήνα},
}
